@article{killworth,
	author = {Killworth, O.},
	title = {Cross-equatorial geostrophic adjustment.},
	journal = {J.Phys.Oceanogr.},
	year = {1991},
	volume = {21},
	pages = {1581-1601},
}

@article {stommel,
author = {Stommel, Henry},
title = {The westward intensification of wind-driven ocean currents},
journal = {Eos, Transactions American Geophysical Union},
volume = {29},
number = {2},
issn = {2324-9250},
url = {http://dx.doi.org/10.1029/TR029i002p00202},
doi = {10.1029/TR029i002p00202},
pages = {202--206},
year = {1948},
}

@article{stommel-arons,
  title={On the abyssal circulation of the world ocean—I. Stationary planetary flow patterns on a sphere},
  author={Stommel, Henry and Arons, AB},
  journal={Deep Sea Research (1953)},
  volume={6},
  pages={140--154},
  year={1960},
  publisher={Elsevier}
}


@article {kuhlbrodt,
	author = {Kuhlbrodt, T. and Griesel, A. and Montoya, M. and Levermann, A. and Hofmann, M. and Rahmstorf, S.},
	title = {On the driving processes of the Atlantic meridional overturning circulation},
	journal = {Reviews of Geophysics},
	volume = {45},
	number = {2},
	issn = {1944-9208},
	doi = {10.1029/2004RG000166},
	keywords = {Global Change: Oceans, Oceanography: General: Upwelling and convergences, Oceanography: Physical: General circulation, Oceanography: Physical: Turbulence, diffusion, and mixing processes, meridional overturning circulation, thermohaline circulation, diapycnal mixing, wind-driven upwelling},
	year = {2007},
	note = {RG2001},
}

@article{edwards,
 author = {Edwards, C.A. and J. Pedlosky},
 year = 1998,
 title = "{Dynamics of nonlinear cross-equatorial flow. Part I:
 potential vorticity transformation.}",
 journal="{J.Phys.Oceanogr.}",
 volume = 28,
 pages= "2382-2406" 	
}

@article{jochum,
author = {Jochum, M. and G. Danabasoglu and M. Holland and Y.-O. Kwon and W.G. Large},
year = 2008,
title = "{Ocean viscosity and climate.}",
journal="{J. Geophys. Res.}",
volume = 113,
pages= "C06017, doi:10.1029/2007JC004515"} 	
}

@article{swaters,
author = {Swaters, G.E.},
year = 2015,
title = "{Midlatitude–Equatorial Dynamics of a Grounded Deep Western Boundary Current. Part I: Midlatitude Flow and the Transition to the Equatorial Region.}",
journal="{J.Phys.Oceanogr.}",
volume = 45,
pages = "2457-2469"
}

@article{joseph,
  title={Potential flow of viscous fluids: Historical notes},
  author={Joseph, Daniel D},
  journal={International Journal of Multiphase Flow},
  volume={32},
  number={3},
  pages={285--310},
  year={2006},
  publisher={Elsevier}
}

﻿@article {bryan,
author = {Bryan, Kirk},
title = {Potential vorticity in models of the ocean circulation},
journal = {Quarterly Journal of the Royal Meteorological Society},
volume = {113},
number = {477},
publisher = {John Wiley & Sons, Ltd},
issn = {1477-870X},
doi = {10.1002/qj.49711347703},
pages = {713--734},
year = {1987},
}

@article{liu,
title = "Variability of the Kuroshio in the East China Sea derived from satellite altimetry data ",
journal = "Deep Sea Research Part I: Oceanographic Research Papers ",
volume = "59",
number = "",
pages = "25 - 36",
year = "2012",
note = "",
issn = "0967-0637",
doi = "http://dx.doi.org/10.1016/j.dsr.2011.10.008",
author = "Zhiqiang Liu and Jianping Gan"
}

@article{munk,
author = { Walter H.  Munk },
title = {On the Wind-Driven Ocean Circulation},
journal = {Journal of Meteorology},
volume = {7},
number = {2},
pages = {80-93},
year = {1950},
doi = {10.1175/1520-0469(1950)007<0080:OTWDOC>2.0.CO;2}
}

@article{bhatia,
author={H. Bhatia and G. Norgard and V. Pascucci and P. T. Bremer},
journal={IEEE Transactions on Visualization and Computer Graphics},
title={The Helmholtz-Hodge Decomposition --- A Survey},
year={2013},
volume={19},
number={8},
pages={1386-1404},
doi={10.1109/TVCG.2012.316},
ISSN={1077-2626}
}

@article{blandford,
title = "Boundary conditions in homogeneous ocean models",
journal = "Deep Sea Research and Oceanographic Abstracts",
volume = "18",
number = "7",
pages = "739 - 751",
year = "1971",
note = "",
issn = "0011-7471",
doi = "http://dx.doi.org/10.1016/0011-7471(71)90088-X",
url = "http://www.sciencedirect.com/science/article/pii/001174717190088X",
author = "Robert R. Blandford"
}

@article{bryan1963,
  title={A numerical investigation of a nonlinear model of a wind-driven ocean},
  author={Bryan, Kirk},
  journal={Journal of the Atmospheric Sciences},
  volume={20},
  number={6},
  pages={594--606},
  year={1963}
}

@article{madec,
author="Madec, Gurvan and Imbard, Maurice",
title="A global ocean mesh to overcome the North Pole singularity",
journal="Climate Dynamics",
year="1996",
volume="12",
number="6",
pages="381--388",
issn="1432-0894",
doi="10.1007/BF00211684",
url="http://dx.doi.org/10.1007/BF00211684"
}

@article{smith,
  title={Curvilinear coordinates for global ocean models},
  author={Smith, RD and Kortas, S and Meltz, B},
  journal={Los Alamos preprint LA-UR-95-1146},
  year={1995}
}

@article{jochumind,
  title={Differences in the Indonesian seaway in a coupled climate model and their relevance to Pliocene climate and El Nino},
  author={Jochum, Markus and Fox-Kemper, Baylor and Molnar, PH and Shields, Christine},
  journal={Paleoceanography},
  volume={24},
  number={1},
  year={2009},
  publisher={Wiley Online Library}
}

@article{large,
  title={Equatorial circulation of a global ocean climate model with anisotropic horizontal viscosity},
  author={Large, William G and Danabasoglu, Gokhan and McWilliams, James C and Gent, Peter R and Bryan, Frank O},
  journal={Journal of Physical Oceanography},
  volume={31},
  number={2},
  pages={518--536},
  year={2001}
}

@article{godfrey,
  title={A Sverdrup model of the depth-integrated flow for the world ocean allowing for island circulations},
  author={Godfrey, JS},
  journal={Geophysical \& Astrophysical Fluid Dynamics},
  volume={45},
  number={1-2},
  pages={89--112},
  year={1989},
  publisher={Taylor \& Francis}
}

@article{greatbatch,
  title={Reconciling the Stommel box model with the Stommel-Arons model: A possible role for Southern Hemisphere wind forcing?},
  author={Greatbatch, Richard J and Lu, Jian},
  journal={Journal of Physical Oceanography},
  volume={33},
  number={8},
  pages={1618--1632},
  year={2003}
}

@article{kawase,
  title={Establishment of deep ocean circulation driven by deep-water production},
  author={Kawase, Mitsuhiro},
  journal={Journal of Physical Oceanography},
  volume={17},
  number={12},
  pages={2294--2317},
  year={1987}
}

@article{cfl,
  title={{\"U}ber die partiellen Differenzengleichungen der mathematischen Physik},
  author={Courant, Richard and Friedrichs, Kurt and Lewy, Hans},
  journal={Mathematische Annalen},
  volume={100},
  number={1},
  pages={32--74},
  year={1928},
  publisher={Springer}
}

@article{chorin,
  title={Numerical solution of the Navier-Stokes equations},
  author={Chorin, Alexandre Joel},
  journal={Mathematics of computation},
  volume={22},
  number={104},
  pages={745--762},
  year={1968}
}

@article{meehl,
	author = {Gerald A. Meehl and Julie M. Arblaster and Julie M. Caron and H. Annamalai and Markus Jochum and Arindam Chakraborty and Raghu Murtugudde},
	title = {Monsoon Regimes and Processes in CCSM4. Part I: The Asian–Australian Monsoon},
	journal = {Journal of Climate},
	volume = {25},
	number = {8},
	pages = {2583-2608},
	year = {2012},
	doi = {10.1175/JCLI-D-11-00184.1}
}

@article{shields,
author = {Christine A. Shields and David A. Bailey and Gokhan Danabasoglu and Markus Jochum and Jeffrey T. Kiehl and Samuel Levis and Sungsu Park},
title = {The Low-Resolution CCSM4},
journal = {Journal of Climate},
volume = {25},
number = {12},
pages = {3993-4014},
year = {2012},
doi = {10.1175/JCLI-D-11-00260.1}
}

@article{nofbc2,
title = "How do western abyssal currents cross the equator?",
journal = "Deep Sea Research Part I: Oceanographic Research Papers",
volume = "40",
number = "2",
pages = "235 - 255",
year = "1993",
note = "",
issn = "0967-0637",
doi = "http://dx.doi.org/10.1016/0967-0637(93)90002-K",
url = "http://www.sciencedirect.com/science/article/pii/096706379390002K",
author = "Doron Nof and Donald B. Olson"
}

@article{nofbc1,
  title={Why are some boundary currents blocked by the equator?},
  author={Nof, Doron},
  journal={Deep Sea Research Part A. Oceanographic Research Papers},
  volume={37},
  number={5},
  pages={853--873},
  year={1990},
  publisher={Elsevier}
}

@article{smithvisc,
author = { Richard D.  Smith  and  Peter R.  Gent },
title = {Anisotropic Gent–McWilliams Parameterization for Ocean Models},
journal = {Journal of Physical Oceanography},
volume = {34},
number = {11},
pages = {2541-2564},
year = {2004},
doi = {10.1175/JPO2613.1}
}

@article{bryanvisc,
  title={A global ocean-atmosphere climate model. Part II. The oceanic circulation},
  author={Bryan, Kirk and Manabe, Syukuro and Pacanowski, Ronald C},
  journal={Journal of Physical Oceanography},
  volume={5},
  number={1},
  pages={30--46},
  year={1975}
}

@article{marshall,
  title={Closure of the meridional overturning circulation through Southern Ocean upwelling},
  author={Marshall, John and Speer, Kevin},
  journal={Nature Geoscience},
  volume={5},
  number={3},
  pages={171--180},
  year={2012},
  publisher={Nature Publishing Group}
}

@article{stommelbox,
  title={Thermohaline convection with two stable regimes of flow},
  author={Stommel, Henry},
  journal={Tellus},
  volume={13},
  number={2},
  pages={224--230},
  year={1961},
  publisher={Wiley Online Library}
}

@article{godfreyind,
author = { J. S.  Godfrey  and  J.  Wilkin  and  A. C.  Hirst },
title = {Why Does the Indonesian Throughflow Appear to Originate from the North Pacific?},
journal = {Journal of Physical Oceanography},
volume = {23},
number = {6},
pages = {1087-1098},
year = {1993},
doi = {10.1175/1520-0485(1993)023<1087:WDTITA>2.0.CO;2}
}

@article{nofind,
  title={What controls the origin of the Indonesian throughflow?},
  author={Nof, Doron},
  journal={Journal of Geophysical Research: Oceans},
  volume={101},
  number={C5},
  pages={12301--12314},
  year={1996},
  publisher={Wiley Online Library}
}

﻿@article {sprintall,
author = {Sprintall, Janet and Wijffels, Susan E. and Molcard, Robert and Jaya, Indra},
title = {Direct estimates of the Indonesian Throughflow entering the Indian Ocean: 2004–2006},
journal = {Journal of Geophysical Research: Oceans},
volume = {114},
number = {C7},
issn = {2156-2202},
url = {http://dx.doi.org/10.1029/2008JC005257},
doi = {10.1029/2008JC005257},
year = {2009}
}

@article{vanAken,
title = "The deep-water motion through the Lifamatola Passage and its contribution to the Indonesian throughflow ",
journal = "Deep Sea Research Part I: Oceanographic Research Papers ",
volume = "56",
number = "8",
pages = "1203 - 1216",
year = "2009",
note = "",
issn = "0967-0637",
doi = "http://dx.doi.org/10.1016/j.dsr.2009.02.001",
url = "http://www.sciencedirect.com/science/article/pii/S0967063709000338",
author = "Hendrik M. van Aken and Irsan S. Brodjonegoro and Indra Jaya"
}

@article{broecker,
  title={The great ocean conveyor},
  author={Broecker, Wallace S and others},
  journal={Oceanography},
  volume={4},
  number={2},
  pages={79--89},
  year={1991}
}

@article{wuest,
  title={Schichtung und Zirkulation des Atlantischen Ozeans: Die Stratosph\"{a}re},
  author={W{\"u}st, G.},
  journal={Wissenschaftliche Ergebnisse der Deutschen Atlantischen Expedition auf dem Forschungs- und Vermessungsschiff ``Meteor'' 1925--1927},
  volume={6},
  pages={288},
  year={1935}
}

@article{rahmstorf,
  title={Ocean circulation and climate during the past 120,000 years},
  author={Rahmstorf, Stefan},
  journal={Nature},
  volume={419},
  number={6903},
  pages={207--214},
  year={2002},
  publisher={Nature Publishing Group}
}

@article{wajsowicz,
author = {Roxana C. Wajsowicz},
title = {The Circulation of the Depth-integrated Flow around an Island with Application to the Indonesian Throughflow},
journal = {Journal of Physical Oceanography},
volume = {23},
number = {7},
pages = {1470-1484},
year = {1993},
doi = {10.1175/1520-0485(1993)023<1470:TCOTDI>2.0.CO;2}
}

@article{wajsowicz2,
author = { Roxana C.  Wajsowicz },
title = {A Simple Model of the Indonesian Throughflow and Its Composition},
journal = {Journal of Physical Oceanography},
volume = {23},
number = {12},
pages = {2683-2703},
year = {1993},
doi = {10.1175/1520-0485(1993)023<2683:ASMOTI>2.0.CO;2}
}

@article{anderson,
  title={Cross-equatorial inertial jets with special relevance to very remote forcing of the Somali Current},
  author={Anderson, David LT and Moore, Dennis W},
  journal={Deep Sea Research Part A. Oceanographic Research Papers},
  volume={26},
  number={1},
  pages={1--22},
  year={1979},
  publisher={Elsevier}
}

@article{danabasoglu,
  title={The CCSM4 ocean component},
  author={Danabasoglu, Gokhan and Bates, Susan C and Briegleb, Bruce P and Jayne, Steven R and Jochum, Markus and Large, William G and Peacock, Synte and Yeager, Steve G},
  journal={Journal of Climate},
  volume={25},
  number={5},
  pages={1361--1389},
  year={2012}
}

@article{gordon,
author = {Gordon, Arnold L.},
title = {Interocean exchange of thermocline water},
journal = {Journal of Geophysical Research: Oceans},
volume = {91},
number = {C4},
issn = {2156-2202},
url = {http://dx.doi.org/10.1029/JC091iC04p05037},
doi = {10.1029/JC091iC04p05037},
pages = {5037--5046},
keywords = {Climate and interannual variability, Water masses, General circulation, General or miscellaneous},
year = {1986}
}

@article{lukas,
  title={Pacific low-latitude western boundary currents and the Indonesian throughflow},
  author={Lukas, Roger and Yamagata, Toshio and McCreary, Julian P},
  journal={Journal of Geophysical Research: Oceans},
  volume={101},
  number={C5},
  pages={12209--12216},
  year={1996},
  publisher={Wiley Online Library}
}

@article{arakawa,
  title={Computational design of the basic dynamical processes of the UCLA general circulation model},
  author={Arakawa, Akio and Lamb, Vivian R},
  journal={Methods in computational physics},
  volume={17},
  pages={173--265},
  year={1977}
}

@article{kitamura,
author = {Yuji Kitamura and Keiichi Ishioka},
title = {Equatorial Jets in Decaying Shallow-Water Turbulence on a Rotating Sphere},
journal = {Journal of the Atmospheric Sciences},
volume = {64},
number = {9},
pages = {3340-3353},
year = {2007},
doi = {10.1175/JAS4015.1}
}

@article{greatbatch-jets,
author = {R. J. Greatbatch and P. Brandt and M. Claus and S.-H. Didwischus and Y. Fu},
title = {On the Width of the Equatorial Deep Jets},
journal = {Journal of Physical Oceanography},
volume = {42},
number = {10},
pages = {1729-1740},
year = {2012},
doi = {10.1175/JPO-D-11-0238.1}
}

@article{sverdrup,
  title={Wind-driven currents in a baroclinic ocean; with application to the equatorial currents of the eastern Pacific},
  author={Sverdrup, Harald Ulrich},
  journal={Proceedings of the National Academy of Sciences},
  volume={33},
  number={11},
  pages={318--326},
  year={1947},
  publisher={National Acad Sciences}
}


%
% BOOKS
%

@book{pedloskyoct,
	author = {J. Pedlosky},
	title = {Ocean Circulation Theory},
	date = {1996},
	edition = {1},
	publisher = {Springer-Verlag Berlin Heidelberg},
	isbn = {978-3-540-60489-1},
	chapter = {2, 3},
	pagetotal = {456},
	doi = {10.1007/978-3-662-03204-6},
}

@book{pedloskygfd,
  title={Geophysical Fluid Dynamics},
  author={Pedlosky, J.},
  isbn={9780387963877},
  lccn={lc86013941},
  series={Springer study edition},
  url={https://books.google.dk/books?id=FXs-uRSDBFYC},
  year={1992},
  publisher={Springer New York}
}

@book{pedloskywaves,
  title={Waves in the Ocean and Atmosphere},
  author={Pedlosky, Joseph},
  year={2013},
  publisher={Springer Science \& Business Media}
}

@book{vallis,
  title={Atmospheric and Oceanic Fluid Dynamics},
  author={Vallis, Geoffrey K},
  year={2006},
  publisher={Cambridge University Press}
}

@book{andersoncfd,
  title={Computational Fluid Dynamics},
  author={Anderson, John David and Wendt, J},
  volume={206},
  year={1995},
  publisher={Springer}
}

@book{wesselingcfd,
  title={Principles of Computational Fluid Dynamics},
  author={Wesseling, Pieter},
  volume={29},
  year={2009},
  publisher={Springer Science \& Business Media}
}

@book{largeforcing,
  title={Diurnal to decadal global forcing for ocean and sea-ice models: the data sets and flux climatologies},
  author={Large, William George and Yeager, Stephen G},
  year={2004},
  publisher={National Center for Atmospheric Research Boulder}
}

@book{kaempf,
  title={Ocean Modelling for Beginners},
  author={K\"{a}mpf, Jochen},
  year={2009},
  publisher={Springer}
}


%
% OTHER
%

@article{pop2,
  title={The parallel ocean program (POP) reference manual},
  author={Smith, R and Jones, P and Briegleb, B and Bryan, F and Danabasoglu, G and Dennis, J and Dukowicz, J and Eden, C and Fox-Kemper, B and Gent, P and others},
  journal={Los Alamos National Lab Technical Report},
  volume={141},
  year={2010}
}


@article{fipy,
  title={FiPy: partial differential equations with python},
  author={Guyer, Jonathan E and Wheeler, Daniel and Warren, James A},
  journal={Computing in Science \& Engineering},
  volume={11},
  number={3},
  pages={6--15},
  year={2009},
  publisher={AIP Publishing}
}

@article{levitus,
  title={World Ocean Database 1998, vol. 1, Introduction, NOAA Atlas NESDIS 18},
  author={Levitus, S and Boyer, TP and Conkright, ME and O’Brien, T and Antonov, J and Stephens, C and Stathoplos, L and Johnson, D and Gelfeld, R},
  journal={NOAA, Silver Spring, Md},
  year={1998}
}

@article{steele,
  title={PHC: A global ocean hydrography with a high-quality Arctic Ocean},
  author={Steele, Michael and Morley, Rebecca and Ermold, Wendy},
  journal={Journal of Climate},
  volume={14},
  number={9},
  pages={2079--2087},
  year={2001}
}

